@book{zhu2014automatic,
  title={Automatic Modulation Classification: Principles, Algorithms and Applications},
  author={Zhu, Zhechen and Nandi, Asoke K},
  year={2015},
  publisher={John Wiley \& Sons}
}

@book{azzouz2013automatic,
  title={Automatic modulation recognition of communication signals},
  author={Azzouz, Elsayed and Nandi, Asoke},
  year={2013},
  publisher={Springer Science \& Business Media}
}

@article{picinbono1997instantaneous,
  title={On instantaneous amplitude and phase of signals},
  author={Picinbono, Bernard},
  journal={Signal Processing, IEEE Transactions on},
  volume={45},
  number={3},
  pages={552--560},
  year={1997},
  publisher={IEEE}
}

@online{uhd_license,
	title={Licensing Issues Related to UHD},
	author={Matt Ettus},
	url={http://lists.ettus.com/pipermail/usrp-users_lists.ettus.com/2014-February/008711.html},
	urldate={2015-07-18},
	year={2014}
}

@online{fftw3_license,
	title={kissfft},
	author={Matteo Frigo and Steven G. Johnson},
	url={http://www.fftw.org/doc/License-and-Copyright.html},
	urldate={2015-07-18},
	year={2013}
}

@online{qcustomplot_license,
	title={QCustomPlot License},
	url={http://www.qcustomplot.com/},
	year={2015}
}

@online{qt_license,
	title={QT Licensing},
	url={http://doc.qt.io/qt-5/licensing.html},
	author={The QT Company},
	year={2015}
}


@online{cmake_license,
	title={CMake License},
	author={Kitware},
	url={http://www.cmake.org/licensing/},
	year={2014}
}

@book{park2009introduction,
	title={Introduction to Digital Signal Processing: Computer Musically Speaking},
	author={Park, T.H.},
	isbn={9789812790286},
	lccn={2010277951},
	url={https://books.google.co.za/books?id=5LUuUglM5b8C},
	year={2009},
	publisher={World Scientific Publishing Company Pte Limited},
	pages={375-380}
}

@book{sundararajan2003digital,
	title={Digital Signal Processing: Theory and Practice},
	author={Sundararajan, D.},
	isbn={9789812382160},
	lccn={2005297867},
	url={https://books.google.co.za/books?id=Ch5CtUOsAPkC},
	year={2003},
	publisher={World Scientific}
}

@article{urriza2011computationally,
	title={Computationally efficient modulation level classification based on probability distribution distance functions},
	author={Urriza, Paulo and Rebeiz, Eric and Pawelczak, Przemyslaw and {\v{C}}abri{\'c}, Danijela},
	journal={Communications Letters, IEEE},
	volume={15},
	number={5},
	pages={476--478},
	year={2011},
	publisher={IEEE}
}

@online{incremental_model,
	title={Incremental Model},
	author={Amir Ghahrai},
	url={http://www.testingexcellence.com/incremental-model/},
	urldate={2015-07-19},
	year={2008}
} 

@online{waterfall_model,
	title={Waterfall Model},
	author={Tutorialspoint},
	url={http://www.tutorialspoint.com/sdlc/sdlc_waterfall_model.htm},
	urldate={2015-07-19},
	year={2015}
} 

@online{kanban_model,
	title={What is Kanban?},
	author={David Peterson},
	url={http://kanbanblog.com/explained/},
	urldate={2015-07-19},
	year={2015}
} 

@online{trello,
	title={Trello},
	author={Trello},
	url={http://trello.com/},
	urldate={2015-07-19},
	year={2015}
} 

@inproceedings{kim2007cyclostationary,
	title={Cyclostationary approaches to signal detection and classification in cognitive radio},
	author={Kim, Kyouwoong and Akbar, Ihsan and Bae, Kyung K and Um, Jung-Sun and Spooner, Chad M and Reed, Jeffrey H and others},
	booktitle={New frontiers in dynamic spectrum access networks, 2007. DySPAN 2007. 2nd IEEE international symposium on},
	pages={212--215},
	year={2007},
	organization={IEEE}
}
