@book{zhu2014automatic,
  title={Automatic Modulation Classification: Principles, Algorithms and Applications},
  author={Zhu, Zhechen and Nandi, Asoke K},
  year={2015},
  publisher={John Wiley \& Sons}
}

@book{azzouz2013automatic,
  title={Automatic modulation recognition of communication signals},
  author={Azzouz, Elsayed and Nandi, Asoke},
  year={2013},
  publisher={Springer Science \& Business Media}
}

@article{picinbono1997instantaneous,
  title={On instantaneous amplitude and phase of signals},
  author={Picinbono, Bernard},
  journal={Signal Processing, IEEE Transactions on},
  volume={45},
  number={3},
  pages={552--560},
  year={1997},
  publisher={IEEE}
}
